@article{Hoppe2019,
  doi = {10.1126/sciadv.aaw7238},
  url = {https://doi.org/10.1126/sciadv.aaw7238},
  year = {2019},
  month = oct,
  publisher = {American Association for the Advancement of Science ({AAAS})},
  volume = {5},
  number = {10},
  pages = {eaaw7238},
  author = {Travis A. Hoppe and Aviva Litovitz and Kristine A. Willis and Rebecca A. Meseroll and Matthew J. Perkins and B. Ian Hutchins and Alison F. Davis and Michael S. Lauer and Hannah A. Valantine and James M. Anderson and George M. Santangelo},
  title = {Topic choice contributes to the lower rate of {NIH} awards to African-American/black scientists},
  journal = {Science Advances}
}

@article{minton2019nonspecific,
  title={Nonspecific interactions between macromolecular solutes in concentrated solution: physico-chemical manifestations and biochemical consequences},
  author={Minton, Allen P and Hoppe, Travis A},
  journal={Frontiers in molecular biosciences},
  volume={6},
  pages={10},
  year={2019},
  publisher={Frontiers}
}

@article{Hutchins2019,
  doi = {10.1371/journal.pbio.3000385},
  url = {https://doi.org/10.1371/journal.pbio.3000385},
  year = {2019},
  month = oct,
  publisher = {Public Library of Science ({PLoS})},
  volume = {17},
  number = {10},
  pages = {e3000385},
  author = {B. Ian Hutchins and Kirk L. Baker and Matthew T. Davis and Mario A. Diwersy and Ehsanul Haque and Robert M. Harriman and Travis A. Hoppe and Stephen A. Leicht and Payam Meyer and George M. Santangelo},
  title = {The {NIH} Open Citation Collection: A public access,  broad coverage resource},
  journal = {{PLOS} Biology}
}

@article{Hutchins2017,
  doi = {10.1371/journal.pbio.2003552},
  url = {https://doi.org/10.1371/journal.pbio.2003552},
  year = {2017},
  month = oct,
  publisher = {Public Library of Science ({PLoS})},
  volume = {15},
  number = {10},
  pages = {e2003552},
  author = {B. Ian Hutchins and Travis A. Hoppe and Rebecca A. Meseroll and James M. Anderson and George M. Santangelo},
  editor = {David Vaux},
  title = {Additional support for {RCR}: A validated article-level measure of scientific influence},
  journal = {{PLOS} Biology}
}

@article{Hoppe2016,
  doi = {10.1021/acs.jpcb.6b07736},
  url = {https://doi.org/10.1021/acs.jpcb.6b07736},
  year = {2016},
  month = nov,
  publisher = {American Chemical Society ({ACS})},
  volume = {120},
  number = {46},
  pages = {11866--11872},
  author = {Travis Hoppe and Allen P. Minton},
  title = {Incorporation of Hard and Soft Protein{\textendash}Protein Interactions into Models for Crowding Effects in Binary and Ternary Protein Mixtures. Comparison of Approximate Analytical Solutions with Numerical Simulation},
  journal = {The Journal of Physical Chemistry B}
}


@article{zheng2015dependence,
  title={Dependence of Internal Friction on Folding Mechanism},
  author={Zheng, Wenwei and De Sancho, David and Hoppe, Travis and Best, Robert B},
  journal={Journal of the American Chemical Society},
  year={2015},
  publisher={ACS Publications}
}

@article{hoppe2015equilibrium,
  title={An Equilibrium Model for the Combined Effect of Macromolecular Crowding and Surface Adsorption on the Formation of Linear Protein Fibrils},
  author={Hoppe, Travis and Minton, Allen P},
  journal={Biophysical journal},
  volume={108},
  number={4},
  pages={957--966},
  year={2015},
  publisher={Elsevier}
}

@article{hoppe2014integer,
  title={Integer Sequence Discovery from Small Graphs},
  author={Hoppe, Travis and Petrone, Anna},
  journal={arXiv preprint arXiv:1408.3644},
  year={2014}
}


@article{dix2014programmable,
  title={Programmable Nanoscaffolds that Control Ligand Display to a G Protein Coupled-Receptor in Membranes allow Dissection of Multivalent Effects},
  author={Dix, Andrew V and Moss, Steven M and Phan, Khai and Hoppe, Travis and Paoletta, Silvia and Kozma, Eszter and Gao, Zhan-Guo and Durell, Stewart R and Jacobson, Kenneth A and Appella, Daniel H},
  journal={Journal of the American Chemical Society},
  year={2014},
  publisher={ACS Publications}
}

@article{Zhao2014quantification,
  title={Quantification	of HIV RNA Viral Load at Clinically Relevant Levels via Nucleic Acid Testing PNA-Enzyme Linked Assay},
  author={Zhao, Chao and Hoppe, Travis and Kumar, Mohan and Setty, Haleyur Giri and Murray, Danielle and Chun, Tae-Wook and Hewlett, Indira and Appella, Daniel},
  journal={Nature Methods},
  year={2014 in press; DOI 10.1038 ncomms6079},
  publisher={Nature Publishing Group}
}

@article{hoppe2013singular,
  title={Singular Value Decomposition of the Radial Distribution Function for Hard Sphere and Square Well Potentials},
  author={Hoppe, Travis},
  journal={PloS one},
  volume={8},
  number={10},
  pages={e75792},
  year={2013},
  publisher={Public Library of Science}
}

@article{hoppe2013simplified,
  title={A Simplified Representation of Anisotropic Charge Distributions within Proteins},
  author={Hoppe, Travis},
  journal={The Journal of chemical physics},
  volume={138},
  number={17},
  pages={174110},
  year={2013},
  publisher={AIP Publishing}
}

@article{hoppe2011protein,
  title={Protein Folding with Implicit Crowders: A Study of Conformational States Using the Wang- Landau Method},
  author={Hoppe, Travis and Yuan, Jian-Min},
  journal={The Journal of Physical Chemistry B},
  volume={115},
  number={9},
  pages={2006--2013},
  year={2011},
  publisher={ACS Publications}
}

@article{hoppe2009entropic,
  title={Entropic flows, crowding effects, and stability of asymmetric proteins},
  author={Hoppe, Travis and Yuan, Jian-Min},
  journal={Physical Review E},
  volume={80},
  number={1},
  pages={011404},
  year={2009},
  publisher={APS}
}

@article{safronova2008importance,
  title={The importance of EBIT data for Z-pinch plasma diagnostics},
  author={Safronova, AS and Kantsyrev, VL and Neill, P and Safronova, UI and Fedin, DA and Ouart, ND and Yilmaz, MF and Hoppe, Travis and Osborne, G and Shrestha, I and Williamson, K},
  journal={Canadian Journal of Physics},
  volume={86},
  number={1},
  pages={267--276},
  year={2008},
  publisher={NRC Research Press}
}

@article{safronova2006spectroscopic,
  title={Spectroscopic and Imaging Study of Combined W and Mo-pinches at 1 MA-pinch Generators},
  author={Safronova, Alla S and Kantsyrev, Victor L and Fedin, Dmitry A and Osborne, Glenn and Yilmaz, M Fatih and Hoppe, Travis and Nalajala, Vidya and Douglass, Jonathan D and McBride, Ryan D and Mitchell, Marc D},
  journal={Plasma Science, IEEE Transactions on},
  volume={34},
  number={5},
  pages={2256--2262},
  year={2006},
  publisher={IEEE}
}
