@article{zheng2015dependence,
  title={Dependence of Internal Friction on Folding Mechanism},
  author={Zheng, Wenwei and De Sancho, David and Hoppe, Travis and Best, Robert B},
  journal={Journal of the American Chemical Society},
  year={2015},
  publisher={ACS Publications}
}

@article{hoppe2015equilibrium,
  title={An Equilibrium Model for the Combined Effect of Macromolecular Crowding and Surface Adsorption on the Formation of Linear Protein Fibrils},
  author={Hoppe, Travis and Minton, Allen P},
  journal={Biophysical journal},
  volume={108},
  number={4},
  pages={957--966},
  year={2015},
  publisher={Elsevier}
}

@article{hoppe2014integer,
  title={Integer Sequence Discovery from Small Graphs},
  author={Hoppe, Travis and Petrone, Anna},
  journal={arXiv preprint arXiv:1408.3644},
  year={2014}
}


@article{dix2014programmable,
  title={Programmable Nanoscaffolds that Control Ligand Display to a G Protein Coupled-Receptor in Membranes allow Dissection of Multivalent Effects},
  author={Dix, Andrew V and Moss, Steven M and Phan, Khai and Hoppe, Travis and Paoletta, Silvia and Kozma, Eszter and Gao, Zhan-Guo and Durell, Stewart R and Jacobson, Kenneth A and Appella, Daniel H},
  journal={Journal of the American Chemical Society},
  year={2014},
  publisher={ACS Publications}
}

@article{Zhao2014quantification,
  title={Quantification	of HIV RNA Viral Load at Clinically Relevant Levels via Nucleic Acid Testing PNA-Enzyme Linked Assay},
  author={Zhao, Chao and Hoppe, Travis and Kumar, Mohan and Setty, Haleyur Giri and Murray, Danielle and Chun, Tae-Wook and Hewlett, Indira and Appella, Daniel},
  journal={Nature Methods},
  year={2014 in press; DOI 10.1038 ncomms6079},
  publisher={Nature Publishing Group}
}

@article{hoppe2013singular,
  title={Singular Value Decomposition of the Radial Distribution Function for Hard Sphere and Square Well Potentials},
  author={Hoppe, Travis},
  journal={PloS one},
  volume={8},
  number={10},
  pages={e75792},
  year={2013},
  publisher={Public Library of Science}
}

@article{hoppe2013simplified,
  title={A Simplified Representation of Anisotropic Charge Distributions within Proteins},
  author={Hoppe, Travis},
  journal={The Journal of chemical physics},
  volume={138},
  number={17},
  pages={174110},
  year={2013},
  publisher={AIP Publishing}
}

@article{hoppe2011protein,
  title={Protein Folding with Implicit Crowders: A Study of Conformational States Using the Wang- Landau Method},
  author={Hoppe, Travis and Yuan, Jian-Min},
  journal={The Journal of Physical Chemistry B},
  volume={115},
  number={9},
  pages={2006--2013},
  year={2011},
  publisher={ACS Publications}
}

@article{hoppe2009entropic,
  title={Entropic flows, crowding effects, and stability of asymmetric proteins},
  author={Hoppe, Travis and Yuan, Jian-Min},
  journal={Physical Review E},
  volume={80},
  number={1},
  pages={011404},
  year={2009},
  publisher={APS}
}

@article{safronova2008importance,
  title={The importance of EBIT data for Z-pinch plasma diagnostics},
  author={Safronova, AS and Kantsyrev, VL and Neill, P and Safronova, UI and Fedin, DA and Ouart, ND and Yilmaz, MF and Hoppe, Travis and Osborne, G and Shrestha, I and Williamson, K},
  journal={Canadian Journal of Physics},
  volume={86},
  number={1},
  pages={267--276},
  year={2008},
  publisher={NRC Research Press}
}

@article{safronova2006spectroscopic,
  title={Spectroscopic and Imaging Study of Combined W and Mo-pinches at 1 MA-pinch Generators},
  author={Safronova, Alla S and Kantsyrev, Victor L and Fedin, Dmitry A and Osborne, Glenn and Yilmaz, M Fatih and Hoppe, Travis and Nalajala, Vidya and Douglass, Jonathan D and McBride, Ryan D and Mitchell, Marc D},
  journal={Plasma Science, IEEE Transactions on},
  volume={34},
  number={5},
  pages={2256--2262},
  year={2006},
  publisher={IEEE}
}